@ARTICLE{mikolov1,
	author = {Tomas Mikolov, Kai Chen, Greg Corrado, Jeffrey Dean},
	title = {Efficient Estimation of Word Representations in Vector Space},
	year = {2013},
	journal = {Arxiv},
	doi = {10.1109/35.267438}
}
@ARTICLE{mikolov2,
	author = {Список авторов},
	title = {Название статьи},
	year = {год},
	journal = {Название журнала}
}
@ARTICLE{xin,
	author = {Xin Rong},
	title = {word2vec Parameter Learning Explained},
	year = {год},
	journal = {Arxiv}
}